@article{fama1997,
  title={Industry costs of equity},
  author={Fama, Eugene F and French, Kenneth R},
  journal={Journal of financial economics},
  volume={43},
  number={2},
  pages={153--193},
  year={1997},
  publisher={Elsevier}
}


@article{grinold2000,
  title={Active portfolio management},
  author={Grinold, Richard C and Kahn, Ronald N},
  year={2000},
  publisher={McGraw Hill New York, NY}
}


  @Manual{Texevier,
    title = {{Texevier}: {P}ackage to create Elsevier templates for Rmarkdown},
    author = {N.F. Katzke},
    organization = {Bureau for Economic Research},
    address = {Stellenbosch, South Africa},
    note = {version 0.1.2},
    year = {2017},
  }


@fnmx{katzke2020,
  title ={Financial Econometrics Master's Course: Multivariate Volatility Modeling},
  author ={Katzke, N.F.},
  url = {https://www.fmx.nfkatzke.com/posts/2020-08-15-theory5/Notes/Session_5.pdf/},
  year = {2020}
}


@article{engle2002,
  title={Dynamic conditional correlation: A simple class of multivariate generalized autoregressive conditional heteroskedasticity models},
  author={Engle, Robert},
  journal={Journal of Business \& Economic Statistics},
  volume={20},
  number={3},
  pages={339--350},
  year={2002},
  publisher={Taylor \& Francis}
}


@article{bauwens2006,
  title={Multivariate GARCH models: a survey},
  author={Bauwens, Luc and Laurent, S{\'e}bastien and Rombouts, Jeroen VK},
  journal={Journal of applied econometrics},
  volume={21},
  number={1},
  pages={79--109},
  year={2006},
  publisher={Wiley Online Library}
}


@article{mishra2007,
  title={Volatility Spillover between Stock and Foreign Exchange Markets: Indian Evidence.},
  author={Mishra, Alok Kumar and Swain, Niranjan and Malhotra, Davinder K},
  journal={International journal of business},
  volume={12},
  number={3},
  year={2007}
}


@article{katzke2013,
  title={South African Sector Return Correlations: using DCC and ADCC Multivariate GARCH techniques to uncover the underlying dynamics},
  author={Katzke, Nico},
  journal={South African Sector Return Correlations: using DCC and ADCC Multivariate GARCH techniques to uncover the underlying dynamics},
  year={2013}
}


@book{ruppert2015,
  title={Statistics and data analysis for financial engineering},
  author={Ruppert, David and Matteson, David S},
    year={2015},
  publisher={Springer}
}


@article{hung2019,
  title={Return and volatility spillover across equity markets between China and Southeast Asian countries},
  author={Hung, Ngo Thai},
  journal={Journal of Economics, Finance and Administrative Science},
  year={2019},
  publisher={Emerald Publishing Limited}
}


@article{blitz2013,
  title={The volatility effect in emerging markets},
  author={Blitz, David and Pang, Juan and Van Vliet, Pim},
  journal={Emerging Markets Review},
  volume={16},
  pages={31--45},
  year={2013},
  publisher={Elsevier}
}


@article{bekaert1997,
  title={Emerging equity market volatility},
  author={Bekaert, Geert and Harvey, Campbell R},
  journal={Journal of Financial economics},
  volume={43},
  number={1},
  pages={29--77},
  year={1997},
  publisher={Elsevier}
}


@article{desantis1994,
  title={Stock returns and volatility in emerging markets},
  author={DeSantis, Giorgio and Imrohoroglu, Selahattin},
  journal={University of Southern California working paper},
  year={1994}
}


@article{shin2005,
  title={Stock returns and volatility in emerging stock markets},
  author={Shin, Jaeun},
  journal={International Journal of Business and economics},
  volume={4},
  number={1},
  pages={31},
  year={2005},
  publisher={International Journal of Business and Economics}
}


@article{bahmani1992,
  title={Stock prices and the effective exchange rate of the dollar},
  author={Bahmani-Oskooee, Mohsen and Sohrabian, Ahmad},
  journal={Applied economics},
  volume={24},
  number={4},
  pages={459--464},
  year={1992},
  publisher={Taylor \& Francis}
}


@article{lim2014,
  title={Exploring the inter-relationship between the volatilities of exchange rate and stock return},
  author={Lim, Shu Yi and Sek, Siok Kun},
  journal={Procedia Economics and Finance},
  volume={14},
  pages={367--376},
  year={2014},
  publisher={Elsevier}
}


@article{adjasi2008,
  title={Effect of exchange rate volatility on the Ghana stock exchange},
  author={Adjasi, Charles and Harvey, Simon K and Agyapong, Daniel Akwesi},
  journal={African Journal of Accounting, Economics, Finance and Banking Research},
  volume={3},
  number={3},
  year={2008}
}


@article{mcgibany1995,
  title={Exchange rate volatility and the demand for money in the US},
  author={Mcgibany, James M and Nourzad, Farrokh},
  journal={International Review of Economics \& Finance},
  volume={4},
  number={4},
  pages={411--425},
  year={1995},
  publisher={Elsevier}
}


@article{kanas2000,
  title={Volatility spillovers between stock returns and exchange rate changes: International evidence},
  author={Kanas, Angelos},
  journal={Journal of Business Finance \& Accounting},
  volume={27},
  number={3-4},
  pages={447--467},
  year={2000},
  publisher={Wiley Online Library}
}


@article{morales2008,
  title={Volatility spillovers between stock returns and foreign exchange rates: evidence from four eastern European countries},
  author={Morales, Lucia},
  year={2008},
  publisher={Citeseer}
}


@article{raghavan2008,
  title={Return and volatility spillovers between the foreign exchange market and the Australian All Ordinaries Index},
  author={Raghavan, MV and Dark, J},
  journal={The IUP Journal of Applied Finance},
  volume={14},
  number={1},
  pages={41--48},
  year={2008}
}


@article{kumar2013,
  title={Returns and volatility spillover between stock prices and exchange rates},
  author={Kumar, Manish},
  journal={International Journal of Emerging Markets},
  year={2013},
  publisher={Emerald Group Publishing Limited}
}


@article{chkili2014,
  title={Exchange rate movements and stock market returns in a regime-switching environment: Evidence for BRICS countries},
  author={Chkili, Walid and Nguyen, Duc Khuong},
  journal={Research in International Business and Finance},
  volume={31},
  pages={46--56},
  year={2014},
  publisher={Elsevier}
}


@article{engle1982,
  title={Autoregressive conditional heteroscedasticity with estimates of the variance of United Kingdom inflation},
  author={Engle, Robert F},
  journal={Econometrica: Journal of the Econometric Society},
  pages={987--1007},
  year={1982},
  publisher={JSTOR}
}


@incollection{silvennoinen2009,
  title={Multivariate GARCH models},
  author={Silvennoinen, Annastiina and Ter{\"a}svirta, Timo},
  booktitle={Handbook of financial time series},
  pages={201--229},
  year={2009},
  publisher={Springer}
}


@article{bollerslev1994,
  title={ARCH models},
  author={Bollerslev, Tim and Engle, Robert F and Nelson, Daniel B},
  journal={Handbook of econometrics},
  volume={4},
  pages={2959--3038},
  year={1994},
  publisher={Elsevier}
}


@article{shephard1996,
  title={Statistical aspects of ARCH and stochastic volatility},
  author={Shephard, Neil},
  journal={Monographs on Statistics and Applied Probability},
  volume={65},
  pages={1--68},
  year={1996},
  publisher={Chapman \& Hall}
}


@book{tsay2013,
  title={Multivariate time series analysis: with R and financial applications},
  author={Tsay, Ruey S},
  year={2013},
  publisher={John Wiley \& Sons}
}